@ONLINE {guanmei,
    author = "百度百科",
    title  = "媒体",
    month  = "nov",
    year   = "2019",
    url    = "https://baike.baidu.com/item/媒体"
}

@article{李志明2017区域性官媒和自媒体微信公众号差异化分析,
  title={区域性官媒和自媒体微信公众号差异化分析},
  author={李志明 and 胡姹},
  journal={中国广播电视学刊},
  number={11},
  pages={26-29},
  year={2017},
}

@ONLINE {清博大数据2020,
    author = "清博大数据",
    title  = "微信传播指数WCI",
    month  = "jan",
    year   = "2020",
    url    = "http://www.gsdata.cn/site/usage/"
}

@inproceedings{sievert2014ldavis,
  title={LDAvis: A method for visualizing and interpreting topics},
  author={Sievert, Carson and Shirley, Kenneth},
  booktitle={Proceedings of the workshop on interactive language learning, visualization, and interfaces},
  pages={63--70},
  year={2014}
}